<?xml version="1.0" encoding="UTF-8"?><collection xmlns="http://www.loc.gov/MARC21/slim"><record><leader>00371nam--2200133-i-4500</leader><controlfield tag="001">000033735</controlfield><controlfield tag="002">20161230</controlfield><controlfield tag="005">20161230201039</controlfield><controlfield tag="008">060222s1000------------r-----000-0-eng-d</controlfield><datafield ind1=" " ind2=" " tag="080"><subfield code="a">577.323</subfield></datafield><datafield ind1=" " ind2=" " tag="100"><subfield code="a">Topics In Nucleic Acid Structure</subfield></datafield><datafield ind1=" " ind2=" " tag="245"><subfield code="a">London, macmillan publ.ltd.,1981. x+221p</subfield></datafield><datafield ind1=" " ind2=" " tag="260"><subfield code="a">Topics In Molecular And Structural Biiology</subfield></datafield><datafield ind1=" " ind2=" " tag="700"><subfield code="a">Neidle, Stephen</subfield></datafield></record></collection>